% This file was created with JabRef 2.10.
% Encoding: Cp1252


% Optional fields: type, address, month, note
@PHDTHESIS{thesisAle,
	author = {Alejandro Sánchez},
	title = {Thesis Title},
	school = {Universidad Politécina de Madrid},
	year = {2015}
}

% Optional fields: author, title, howpublished, month, year, note
@MISC{spass,
	title = {SPASS Version 3.5.},
	author = {Weidenbach C., Dimova D., Fietzke A., Kumar R., Suda M. and Wischnewski P.},
	year = {2009}, 
	year = {22nd International Conference on Automated Deduction CADE 2009},
	note = {LNCS 5663}
}

@MISC{leap,
	title = {Leap},
	author = {\citeapos{thesisAle}},
	year = {2015}, 
	note = {Tool developed to prove verification of multiple theories by model searching.}
}

% Optional fields: volume/number, series, address, edition, month, note
@BOOK{yellowbook,
	author = {Bradley Mana},
	title = {The Calculus of Computation},
	publisher = {Springer},
	year = {2007}
}

% Optional fields: author, title, howpublished, month, year, note
@MISC{ApuntesRual,
title = {Apuntes {L}ógica matemática},
author = {Ruiz Álvarez, Guillermo},
howpublished = {\url{http://github.com/Vicdejuan/Apuntes}},
year = {2015},
note = {Apuntes UAM},
}

% Optional fields: volume/number, series, address, edition, month, note
%author = {Gödel, Kurt},
%publisher = {Monatshefte für Mathematik},
@ARTICLE{Godel,
	author = {Godel, Kurt },	
	title = {{O}n {F}ormally {U}ndecidable {P}ropositions in {P}rincipia {M}athematica and {R}elated {S}ystems {I}},
	publisher = {Monatshefte fur Mathematik},
	year = {1931}
}
% Optional fields: author, title, howpublished, month, year, note
@MISC{EqualityIsDecidable,
	 author= {Löwenheim, Leopold },
	 year = {1915}
}

